% Encoding: UTF-8
@article{Higgsprecision1,
   title={Precise determination of the mass of the Higgs boson and tests of compatibility of its couplings with the standard model predictions using proton collisions at 7 and 8 TeV},
   volume={75},
   ISSN={1434-6052},
   url={http://dx.doi.org/10.1140/epjc/s10052-015-3351-7},
   DOI={10.1140/epjc/s10052-015-3351-7},
   number={5},
   journal={The European Physical Journal C},
   publisher={Springer Science and Business Media LLC},
   author={Khachatryan, V. and Sirunyan, A. M. and Tumasyan, A. and Adam, W. and Bergauer, T. and Dragicevic, M. and Erö, J. and Friedl, M. and Frühwirth, R. and et al.},
   year={2015},
   month={May}
}

@article{Higgsprecision2,
   title={Measurements of the Higgs boson production and decay rates and coupling strengths using pp collision data at $\sqrt{s}=$ 7 and 8 TeV in the ATLAS experiment},
   volume={76},
   ISSN={1434-6052},
   url={http://dx.doi.org/10.1140/epjc/s10052-015-3769-y},
   DOI={10.1140/epjc/s10052-015-3769-y},
   number={1},
   journal={The European Physical Journal C},
   publisher={Springer Science and Business Media LLC},
   author={Aad, G. and Abbott, B. and Abdallah, J. and Abdinov, O. and Aben, R. and Abolins, M. and AbouZeid, O. S. and Abramowicz, H. and Abreu, H. and et al.},
   year={2016},
   month={Jan}
}


@misc{SM-ref,
    title={(2022). (Online accessed : 26 January 2022)}, url={https://en.wikipedia.org/wiki/File:Standard_Model_of_Elementary_Particles.svg#metadata}, journal={Wikipedia}, author={Wikimedia}}

@article{HiggsATLAS,
	author = {{ATLAS Collaboration}},
    doi = {https://doi.org/10.1016/j.physletb.2012.08.020},
	issn = {0370-2693},
	journal = {Physics Letters B},
	number = {1},
	pages = {1-29},
	title = {Observation of a new particle in the search for the Standard Model Higgs boson with the ATLAS detector at the LHC},
	url = {https://www.sciencedirect.com/science/article/pii/S037026931200857X},
	volume = {716},
	year = {2012},
	bdsk-url-1 = {https://www.sciencedirect.com/science/article/pii/S037026931200857X},
	bdsk-url-2 = {https://doi.org/10.1016/j.physletb.2012.08.020}}


@article{HiggsCMS,
	author = {{CMS Collaboration}},
	doi = {https://doi.org/10.1016/j.physletb.2012.08.021},
	issn = {0370-2693},
	journal = {Physics Letters B},
	keywords = {CMS, Physics, Higgs},
	number = {1},
	pages = {30-61},
	title = {Observation of a new boson at a mass of 125 GeV with the CMS experiment at the LHC},
	url = {https://www.sciencedirect.com/science/article/pii/S0370269312008581},
	volume = {716},
	year = {2012},
	bdsk-url-1 = {https://www.sciencedirect.com/science/article/pii/S0370269312008581},
	bdsk-url-2 = {https://doi.org/10.1016/j.physletb.2012.08.021}}


@article{Weinberg1967,
  title = {A Model of Leptons},
  author = {Weinberg, Steven},
  journal = {Phys. Rev. Lett.},
  volume = {19},
  issue = {21},
  pages = {1264--1266},
  numpages = {0},
  year = {1967},
  month = {Nov},
  publisher = {American Physical Society},
  doi = {10.1103/PhysRevLett.19.1264},
  url = {https://link.aps.org/doi/10.1103/PhysRevLett.19.1264}
}

@article{Hagedorn2016,
      author        = "Hagedorn, Rolf",
      title         = "{Statistical thermodynamics of strong interactions at high
                       energies}",
      journal       = "Nuovo Cimento, Suppl.",
      reportNumber  = "CERN-TH-520",
      volume        = "3",
      pages         = "147-186",
      year          = "1965",
      url           = "https://cds.cern.ch/record/346206",
}

@article{Higgs1964,
  title = {Broken Symmetries and the Masses of Gauge Bosons},
  author = {Higgs, Peter W.},
  journal = {Phys. Rev. Lett.},
  volume = {13},
  issue = {16},
  pages = {508--509},
  numpages = {0},
  year = {1964},
  month = {Oct},
  publisher = {American Physical Society},
  doi = {10.1103/PhysRevLett.13.508},
  url = {https://link.aps.org/doi/10.1103/PhysRevLett.13.508}
}

@article{BroutEnglert,
  title = {Broken Symmetry and the Mass of Gauge Vector Mesons},
  author = {Englert, F. and Brout, R.},
  journal = {Phys. Rev. Lett.},
  volume = {13},
  issue = {9},
  pages = {321--323},
  numpages = {0},
  year = {1964},
  month = {Aug},
  publisher = {American Physical Society},
  doi = {10.1103/PhysRevLett.13.321},
  url = {https://link.aps.org/doi/10.1103/PhysRevLett.13.321}
}

@article{Guralnik1964,
  title = {Global Conservation Laws and Massless Particles},
  author = {Guralnik, G. S. and Hagen, C. R. and Kibble, T. W. B.},
  journal = {Phys. Rev. Lett.},
  volume = {13},
  issue = {20},
  pages = {585--587},
  numpages = {0},
  year = {1964},
  month = {Nov},
  publisher = {American Physical Society},
  doi = {10.1103/PhysRevLett.13.585},
  url = {https://link.aps.org/doi/10.1103/PhysRevLett.13.585}
}

@article{PlanckCol,
	author = {{Planck Collaboration}},
	doi = {10.1051/0004-6361/201321591},
	journal = {A\&A},
	pages = {A16},
	title = {Planck 2013 results. XVI. Cosmological parameters},
	url = {https://doi.org/10.1051/0004-6361/201321591},
	volume = 571,
	year = 2014,
	bdsk-url-1 = {https://doi.org/10.1051/0004-6361/201321591}}


@article{neutrino-mass,
	author = {{Fukuda, Y. et al}},
	doi = {10.1103/PhysRevLett.81.1158},
	issue = {6},
	journal = {Phys. Rev. Lett.},
	month = {Aug},
	numpages = {0},
	pages = {1158--1162},
	publisher = {American Physical Society},
	title = {Measurements of the Solar Neutrino Flux from Super-Kamiokande's First 300 Days},
	url = {https://link.aps.org/doi/10.1103/PhysRevLett.81.1158},
	volume = {81},
	year = {1998},
	bdsk-url-1 = {https://link.aps.org/doi/10.1103/PhysRevLett.81.1158},
	bdsk-url-2 = {https://doi.org/10.1103/PhysRevLett.81.1158}}
